<record xmlns='http://www.loc.gov/MARC21/slim'><leader>01894cim a22003852u 4500</leader><controlfield tag='001'>3601766</controlfield><controlfield tag='005'>20151214182933.0</controlfield><controlfield tag='007'>ss|lmnjluz|nuu</controlfield><controlfield tag='008'>991101s1989    nyunnn         l    eng d</controlfield><datafield ind1=' ' ind2=' ' tag='035'><subfield code='a'>(NIC)notisASF8831</subfield></datafield><datafield ind1=' ' ind2=' ' tag='035'><subfield code='a'>3601766</subfield></datafield><datafield ind1=' ' ind2=' ' tag='035'><subfield code='a'>(OCoLC)63898170</subfield></datafield><datafield ind1=' ' ind2=' ' tag='040'><subfield code='a'>NIC</subfield><subfield code='c'>NIC</subfield><subfield code='d'>NIC</subfield><subfield code='d'>NIC</subfield></datafield><datafield ind1='1' ind2=' ' tag='100'><subfield code='a'>Washington, Margaret.</subfield></datafield><datafield ind1='1' ind2='0' tag='245'><subfield code='a'>Black women, color, and consciousness: Harriet Jacobs and Pauline Breedlove</subfield><subfield code='h'>[sound recording]</subfield></datafield><datafield ind1=' ' ind2=' ' tag='260'><subfield code='c'>1989.</subfield></datafield><datafield ind1=' ' ind2=' ' tag='300'><subfield code='a'>1 sound cassette :</subfield><subfield code='b'>analog, mono.</subfield></datafield><datafield ind1=' ' ind2=' ' tag='500'><subfield code='a'>Recorded in Ithaca, NY by Cornell University.</subfield></datafield><datafield ind1=' ' ind2=' ' tag='500'><subfield code='a'>Sponsored by: Women&apos;s Studies Program,History, Department of,Hispanic-American Studies Program (HASP),Asian-American Studies Program,American Indian Program,Africana Studies and Research Center.</subfield></datafield><datafield ind1=' ' ind2=' ' tag='500'><subfield code='a'>Speaker(s): Professor of history, Cornell.</subfield></datafield><datafield ind1=' ' ind2=' ' tag='518'><subfield code='a'>Lecture, March 11, 1989.</subfield></datafield><datafield ind1=' ' ind2=' ' tag='520'><subfield code='a'>Thandekile Mvusi of Mount Holyoke College was originally scheduled to make this presentation, but was unable to attend the conference. Washington steps in to provide her own rough interpretation of this subject, discussing the acculturation process in America today in which Blacks lose their identitities and conform to white society.</subfield></datafield><datafield ind1=' ' ind2='0' tag='650'><subfield code='a'>African American women</subfield><subfield code='z'>United States.</subfield></datafield><datafield ind1=' ' ind2='0' tag='650'><subfield code='a'>Acculturation</subfield><subfield code='z'>United States.</subfield></datafield><datafield ind1=' ' ind2='0' tag='650'><subfield code='a'>Black race</subfield><subfield code='x'>Color.</subfield></datafield><datafield ind1=' ' ind2='0' tag='650'><subfield code='a'>African Americans</subfield><subfield code='x'>Social conditions.</subfield></datafield><datafield ind1=' ' ind2='7' tag='650'><subfield code='a'>Acculturation</subfield><subfield code='2'>fast</subfield><subfield code='0'>(OCoLC)fst00795535</subfield></datafield><datafield ind1=' ' ind2='7' tag='650'><subfield code='a'>African American women</subfield><subfield code='2'>fast</subfield><subfield code='0'>(OCoLC)fst00799438</subfield></datafield><datafield ind1=' ' ind2='7' tag='650'><subfield code='a'>African Americans</subfield><subfield code='x'>Social conditions</subfield><subfield code='2'>fast</subfield><subfield code='0'>(OCoLC)fst00799698</subfield></datafield><datafield ind1=' ' ind2='7' tag='650'><subfield code='a'>Black race</subfield><subfield code='x'>Color</subfield><subfield code='2'>fast</subfield><subfield code='0'>(OCoLC)fst00833753</subfield></datafield><datafield ind1=' ' ind2='7' tag='651'><subfield code='a'>United States</subfield><subfield code='2'>fast</subfield><subfield code='0'>(OCoLC)fst01204155</subfield></datafield><datafield ind1=' ' ind2='0' tag='830'><subfield code='a'>Women of color in the United States.</subfield></datafield><datafield ind1='1' ind2=' ' tag='899'><subfield code='a'>CULectures</subfield></datafield><datafield ind1=' ' ind2=' ' tag='905'><subfield code='a'>19991217120000.0</subfield></datafield><datafield ind1='2' ind2=' ' tag='948'><subfield code='a'>20141221</subfield><subfield code='b'>m</subfield><subfield code='d'>batch</subfield><subfield code='e'>lts</subfield><subfield code='x'>addfast</subfield></datafield></record>